@article{Barghini2010,
    title = {{Artificial lighting as a vector attractant and cause of disease diffusion.}},
    year = {2010},
    journal = {Environmental health perspectives},
    author = {Barghini, Alessandro and de Medeiros, Bruno A S},
    number = {11},
    month = {11},
    pages = {1503--6},
    volume = {118},
    publisher = {National Institute of Environmental Health Science},
    url = {http://www.ncbi.nlm.nih.gov/pubmed/20675268 http://www.pubmedcentral.nih.gov/articlerender.fcgi?artid=PMC2974685},
    doi = {10.1289/ehp.1002115},
    issn = {1552-9924},
    pmid = {20675268}
}

@article{Akikur2013,
    title = {{Comparative study of stand-alone and hybrid solar energy systems suitable for off-grid rural electrification: A review}},
    year = {2013},
    journal = {Renewable and Sustainable Energy Reviews},
    author = {Akikur, R.K. and Saidur, R. and Ping, H.W. and Ullah, K.R.},
    month = {11},
    pages = {738--752},
    volume = {27},
    url = {http://linkinghub.elsevier.com/retrieve/pii/S1364032113004346},
    doi = {10.1016/j.rser.2013.06.043},
    issn = {13640321}
}

@article{Caraballo2014,
    title = {{Emergency department management of mosquito-borne illness: malaria, dengue, and West Nile virus.}},
    year = {2014},
    journal = {Emergency medicine practice},
    author = {Caraballo, Hector and King, Kevin},
    number = {5},
    pages = {1--23},
    volume = {16},
    url = {http://www.ncbi.nlm.nih.gov/pubmed/25207355},
    issn = {1524-1971},
    pmid = {25207355}
}

@misc{HumBug2016,
    title = {{HumBug - http://humbug.ac.uk, [accessed: 20/3/17]}},
    year = {2016},
    author = {{HumBug}},
    url = {http://humbug.ac.uk/}
}

@misc{WHOVectorControl2016,
    title = {{Mosquito (vector) control emergency response and preparedness for Zika virus - http://who.int/neglected{\_}diseases/news/mosquito{\_}vector{\_}control{\_}response/en/, [accessed: 3/20/17]}},
    year = {2016},
    booktitle = {WHO},
    author = {{World Health Organisation}},
    publisher = {World Health Organization},
    url = {http://www.who.int/neglected{\_}diseases/news/mosquito{\_}vector{\_}control{\_}response/en/}
}

@article{Pates2005,
    title = {{Mosquito Behaviour and Vector Control}},
    year = {2005},
    journal = {Annu. Rev. Entomol},
    author = {Pates, Helen and Curtis, Christopher},
    pages = {53--70},
    volume = {50},
    url = {http://www.inasp.info/uploads/filer{\_}public/2013/04/03/handout{\_}1.pdf},
    doi = {10.1146/annurev.ento.50.071803.130439},
    keywords = {biting time, endophily, mosquito dispersal, oviposition site choice}
}

@misc{WHOVectorBorneDisease2016,
    title = {{Vector-Borne Diseases - http://who.int/mediacentre/factsheets/fs387/en/ [accesed: 20/3/2017]}},
    year = {2016},
    author = {{World Health Organisation}},
    publisher = {World Health Organization},
    url = {http://www.who.int/mediacentre/factsheets/fs387/en/},
    keywords = {Fact sheet [doctype], dengue [subject], dengue fever, dengue haemhorragic fever, dengue virus, neglected tropical disease [subject], tropical disease [subject]}
}